% Eksempel på reference
@article{codingstyle,
  title = {C Coding Standard},
  author = {Hoff, Todd},
  url = {https://bit.ly/2Qh0lQY},
  year = {2018},
  note = {Tilgået d. 22/11-2019}
 }


% INDLEDNINGEN


% EKSISTERENDE LØSNINGER

% Permanente

% Midlertidige



% ALTERNATIVE LØSNINGER

% Droner

% Undervisning




% EFTER PROBLEMFORMULERINGEN










%%%%%%%%%%%%%%%%%%%%%%%%%%%%%%%%%%%%%%%%%%%%%%%%%%%%%%%%





 
 % Definition af en sværm
 @article{definition,
    title = {Sværm, Den Danske Ordbog},
    author = {Ordnet},
    url = {https://bit.ly/2GHJNwn},
    note = {Tilgået d. 13/02-2019}
 }

% Intelligent Systems: A Modern Approach. Kilde til regel-baserede systemer
@book{Grosan2011,
    author="Grosan, Crina
    og Abraham, Ajith",
    title="Rule-Based Expert Systems",
    bookTitle="Intelligent Systems: A Modern Approach",
    year="2011",
    publisher="Springer Berlin Heidelberg",
    address="Berlin, Heidelberg",
    pages="149--185",
    isbn="978-3-642-21004-4",
    url="https://doi.org/10.1007/978-3-642-21004-4_7"
}


% Original artikel om boids (No longer in use)
 @article{boids,
    author = {Reynolds, Craig},
    year = {1987},
    month = {07},
    pages = {25-34},
    title = {Flocks, Herds, and Schools: A Distributed Behavioral Model},
    volume = {21},
    journal = {ACM SIGGRAPH Computer Graphics},
}


% Introduktion til de forskellige typer af ML. Supervised, unsupervised og reinforcement. Supervised og unsupervised bliver der gået i detaljer med.
@article{mlintroduction,
  title = {A Very Brief Introduction to Machine Learning With Applications to Communication Systems},
  author = {Simeone, Osvaldo},
  url = {https://arxiv.org/pdf/1808.02342.pdf},
  year = {2018},
  note = {Tilgået d. 13/02-2019}
 }
 
 
@article{Jeanmonod2018,
 author = {Jeanmonod, Donald Jeanmonod og Rebecca and et al. Suzuki, Keisuke;},
 title = {{We are IntechOpen, the world's leading publisher of Open  Access books Built by scientists, for scientists TOP 1 {\%} Control  of a Proportional Hydraulic System}},
 year = {2018}
}

% Artikel der fortæller hvordan man kan generere musik med deep learning
@article{mlmusic,
  title = {Music Generation Using Deep Learning},
  author = {Sharma, Gaurav},
  url = {https://medium.com/datadriveninvestor/music-generation-using-deep-learning-85010fb982e2},
  year = {2018},
  note = {Tilgået d. 13/02-2019}
 }
 
 % Online bog om neural networks og deep learning. Masser af brugbar matematik.
@book{Nielsen2015,
    author="Nielsen, Michael A.",
    title="Neural Networks and Deep Learning",
    year="2015",
    publisher="Determination Press",
    url="http://neuralnetworksanddeeplearning.com/index.html",
    note = {Tilgået d. 13/02-2019}
}

% Alt du har brug for at vide om deep learning, samt en masse du ikke havde brug for.
@book{Goodfellow-et-al-2016,
    title={Deep Learning},
    author={Ian Goodfellow og Yoshua Bengio og Aaron Courville},
    publisher={MIT Press},
    note={\url{http://www.deeplearningbook.org}},
    year={2016}
}

% Artikel der forklarer basis ting to reinforcement læring
@article{deep-reinforcement-learning,
  title = {A Beginner's Guide to Deep Reinforcement Learning},
  author = {Skymind},
  url = {https://skymind.ai/wiki/deep-reinforcement-learning},
  note = {Tilgået d. 14/02-2019}
 }
 
 % Artikel om regel-baseret model af hvordan fisk bevæger sig
 @article{RAILSBACK199973,
    title = "Movement rules for individual-based models of stream fish",
    journal = "Ecological Modelling",
    volume = "123",
    number = "2",
    pages = "73 - 89",
    year = "1999",
    url = "http://www.sciencedirect.com/science/article/pii/S0304380099001246",
    author = "Steven F. Railsback og Roland H. Lamberson og Bret C. Harvey og Walter E. Duffy"
}

% En artikel om AlphaGo Zero
@article{alphago,
  title = {AlphaGo Zero: Learning from scratch},
  author = {Hassabis, Demis og Silver, David},
  url = {https://deepmind.com/blog/alphago-zero-learning-scratch/},
  year = {2017},
  note = {Tilgået d. 14/02-2019}
 }


% En pioner-artikel om det adaptive ved fiskestimer
@article{fishschooling,
  title = {Influence of a predator on the optimal foraging behavior of sticklebacks},
  author = { Milinski,  H. &  Heller, R.},
  url = {https://www.nature.com/articles/275642a0},
  year = {1978},
  note = {Tilgået d. 14/02-2019}
 }


% Sort sol
 @article{sortsol,
    title = "Sort sol over Tøndermarsken",
    journal = "Naturens Verden",
    volume = "82",
    number = "8",
    pages = "14 - 19",
    year = "1999",
    author = "Gram, I."
}

% Brobygning  - Hærmyrer
@article{armyants,
  title = {The Simple Algorithm That Ants Use to Build Bridges},
  author = {Hartnett, K.},
  url = {https://www.quantamagazine.org/the-simple-algorithm-that-ants-use-to-build-bridges-20180226/},
  year = {2018},
  note = {Tilgået d. 14/02-2019}
 }
 
 % Belæg for at sværme er adaptive for dyr (helt alment)
@BOOK{biofoundations,
  author = "Beekman, M., Sword, G., & Simpson, S.",
  edition = "1. ed.",
  publisher = "Springer",
  title = "Biological Foundations of Swarm Intelligence",
  year = "2008"
}

% Forståelsen af colony collapse ud fra sværmadfærd 
@article{swarmdecline,
  title = {Understanding Colony Buildup and Decline - Minimizing Swarming},
  author = {Oliver, R.},
  url = {http://scientificbeekeeping.com/understanding-colony-buildup-and-decline-part-7b/},
  year = {2015},
  note = {Tilgået d. 14/02-2019}
 }
 
 % RIP insekter 
 @article{ripinsects,
    title = "Worldwide decline of the entomofauna: A review of its drivers",
    journal = "Biological Conservation",
    volume = "232",
    number = "8",
    pages = "14 - 19",
    year = "2019",
    author = "Sánchez-Bayoa, F., & Wyckhuys, K."
}

% Selvorganiserende pixels
@article{camera,
  title = {Swarm Intelligence Inspired by Animals},
  author = {Nelson, R.},
  url = {https://nbcnews.to/2E9mdqM},
  year = {2008},
  note = {Tilgået d. 14/02-2019}
 }
 
 % Pentagons dronesværme
 @article{pentagon,
  title = {Pentagon successfully tests micro-drone swarm},
  author = {Carter, A.},
  url = {https://phys.org/news/2017-01-pentagon-successfully-micro-drone-swarm.html},
  year = {2017},
  note = {Tilgået d. 14/02-2019}
 }
 
 % Forskellige typer unsupervised learning
 @article{Rodriguez-Perez1994,
 journal = {Journal of Rheumatology},
 title = {{Association of HLA-DR5 with mucocutaneous lesions in patients with rheumatoid arthritis receiving gold sodium thiomalate}},
 volume = {21},
 year = {1994}
}

 % Selvorganiserende dyr i sværme
 @article{selforganimals,
  title = {Animal behaviour: How self-organization evolves},
  author = {Visscher, P.},
  url = {https://www.ncbi.nlm.nih.gov/pubmed/12594495},
  year = {2003},
  note = {Tilgået d. 14/02-2019}
 }
 
% Et eksempel på en artikel, hvor der tales om problemer med at kortlægge sværmedynamik i praksis.
  @article{swarmsaredifficult,
    title = {Biologically-Inspired Visual Simulation of Insect Swarms},
    journal = "Eurographics",
    volume = "34",
    number = "2",
    pages = "425 - 434",
    year = "2015",
    url = {http://gamma.cs.unc.edu/VisInsectSwarms/},
    author = {Li, W., Wolinski, D., Pettré, J., & Lin, M. C.},
}

 % Teori bag ikke-lineære systemer
@BOOK{nonlinear,
  author = "Strogatz, S. H.",
  edition = "2. ed.",
  publisher = "Westview Press",
  title = "Nonlinear Dynamics and Chaos with Student Solutions Manual",
  year = "2015"
}

 % Koblingen mellem ikke-lineær dynamik og sværme
@BOOK{swarmsarenonlinear,
  author = "Bouffanais, R.",
  edition = "1. ed.",
  publisher = "Springer",
  title = "Design and Control of Swarm Dynamics",
  year = "2015"
}

 % Eksempel på en use-case for simulation af dyr (myrer!)
@article{simulationintro1,
 author = {Fruggiero, F., Lambiase, A. & Fallon, D.},
 year = {2008},
 month = {07},
 pages = {142-161},
 title = {Computer simulation and swarm intelligence organisation into an emergency department: a balancing approach across Ant Colony Optimisation},
 volume = {3},
 journal = {Int. J. Services Operations and Informatics J. Services Operations and Informatics}
}

% Manual med flere artikler vedr. brugen af sværmsimulation
@BOOK{simulationintro2,
  author = "BlumDaniel Merkle, C.",
  edition = "1. ed.",
  publisher = "Springer",
  title = "Swarm Intelligence: Introduction and Applications",
  year = "2008"
}

% De nye etiske muligheder ved simulation af dyr
@article{animalethics,
    title = {Research ethics in animal models},
    journal = "Brazilian Journal of Otorhinolaryngology",
    volume = "78",
    number = "2",
    pages = "128 - 131",
    year = "2012",
    author = {Miziara, I. D., de Matos Magalhães, A. T., d'Aparecida Santos, M.,Ferreira Gomes,  É., & Ayer de Oliveira, R.},
}

% En artikel der gennemgår evolutionære algoritmer
@article{evolutionary-computing,
  title = {Evolutionary Computing Meets Machine Learning: A Survey},
  author = {Jun Zhang et al.},
  url = {https://ieeexplore.ieee.org/stamp/stamp.jsp?arnumber=6052374},
  year = {2011},
  note = {Tilgået d. 15/02-2019}
 }
 
 % Artikel om iris datasættet, der bruges til klassifikation
 @article{fisher1936,
    author = {FISHER, R. A.},
    title = {THE USE OF MULTIPLE MEASUREMENTS IN TAXONOMIC PROBLEMS},
    journal = {Annals of Eugenics},
    volume = {7},
    number = {2},
    pages = {179-188},
    doi = {10.1111/j.1469-1809.1936.tb02137.x},
    url = {https://onlinelibrary.wiley.com/doi/abs/10.1111/j.1469-1809.1936.tb02137.x},
    year = {1936}
}
 % Artikel om netværkstopologi
 @article{E1997,
   author = {E, Fiesler og Beale, Russell og Fiesler, Emile},
   title = {Neural-network topologies},
   booktitle = {Handbook of Neural Computation},
   year = {1997},
   isbn = {0-7503-0312-3},
   doi = {10.1887/0750303123},
   url = {https://bit.ly/2IeNBI2}
}

% Titlen siger virkelig det hele
@article{LESHNO1993861,
    title = "Multilayer feedforward networks with a nonpolynomial activation function can approximate any function",
    journal = "Neural Networks",
    volume = "6",
    number = "6",
    pages = "861 - 867",
    year = "1993",
    issn = "0893-6080",
    doi = "https://doi.org/10.1016/S0893-6080(05)80131-5",
    url = "http://www.sciencedirect.com/science/article/pii/S0893608005801315",
    author = "Moshe Leshno and Vladimir Ya. Lin and Allan Pinkus and Shimon Schocken",
}

% Artikel om hvordan man bestemmer sample size.
@article{Adcock1997,
    author = {Adcock, Christopher},
    year = {1997},
    month = {07},
    pages = {261 - 283},
    title = {Sample Size Determination: A Review},
    volume = {46},
    journal = {Journal of the Royal Statistical Society: Series D (The Statistician)},
    doi = {10.1111/1467-9884.00082}
}

% En artikel der beskriver genetiske algoritmer rigtig godt.
@article{genetic-algorithms,
  title = {Genetic Algorithms in Machine Learning},
  author = {Shapiro, Jonathan},
  url = {https://link.springer.com/content/pdf/10.1007/3-540-44673-7_7.pdf},
  note = {Tilgået d. 15/02-2019}
 }
 
  @article{K-Means,
    title = {K-Means},
    author = {J. A. Hartigan and M. A. Wong},
    url = {https://www.jstor.org/stable/pdf/2346830.pdf?refreqid=excelsior\%3Ac841dc3b9e022c482d7358f3db372a6e},
    note = {Tilgået d. 15/02-2019}
 }
 % Kapitel om feature selection
 @inbook{Yang2010,
   editor = {Yang and Yang, Zheng Rong},
   title = {Feature Selection},
   booktitle = {Machine Learning Approaches To Bioinformatics},
   language = {English},
   year = {2010},
   isbn = {978-981-4287-31-9},
   issn = {1793-3692},
   volume = {4},
   pages = {195--212},
   doi = {10.1142/9789814287319\_0013},
}
% bog om maskinlæring
@book{Mitchell1997,
 author = {Mitchell, Thomas M.},
 title = {Machine Learning},
 year = {1997},
 isbn = {0070428077, 9780070428072},
 edition = {1},
 publisher = {McGraw-Hill, Inc.},
 address = {New York, NY, USA},
}

@book{Bousquet2004,
author = {Bousquet, Olivier and von Luxburg, Ulrike and Ratsch, Gunnar},
title = {{Advanced Lectures On Machine Learning: ML Summer Schools 2003, Canberra, Australia, February 2-14, 2003, Tubingen, Germany, August 4-16, 2003, Revised Lectures (Lecture Notes in Computer Science)}},
year = {2004}
}

@article{beespatent,
  title = {Walmart has hinted that it may want to make crop-pollinating robot bees},
  author = {Garfield, L.},
  url = {https://nordic.businessinsider.com/walmart-robot-bees-farming-patent-2018-3?r=US&IR=T},
  year = {2018},
  note = {Tilgået d. 15/02-2019}
 }

% Artikel om forskellige typer af supervised learning
@article{kotsiantis2007,
    author = {Kotsiantis, Sotiris},
    year = {2007},
    month = {01},
    pages = {249-268},
    title = {Supervised Machine Learning: A Review of Classification Techniques.},
    volume = {31},
    journal = {Informatica (Slovenia)}
}

% Lokale interaktioner ved flocking såvel som schooling.
@article{reynolds1987,
    title = "Flocks, herds and schools: A distributed behavioral model",
    journal = "Computer Graphics",
    volume = "21",
    pages = "25 - 34",
    year = "1987",
    doi = "doi:10.1145/37401.37406",
    author = "Reynolds, C. W.",
}


% Sværmdynamik ved flocking såvel som schooling.
@article{hoaremfl2004,
    title = "Context-dependent group size choice in fish",
    journal = "Animal Behaviour",
    volume = "67",
    number = "1",
    pages = "155 - 164",
    year = "2004",
    doi = "doi:10.1016/j.anbehav.2003.04.004",
    author = "Hoare, D. J., Couzin, I. D., Godin, J. G., & Krause, J.",
}

% Om confusion effect ved sværme
@article{jeschke2007,
    title = "Prey swarming: which predators become confused and why?",
    journal = "Animal Behaviour",
    volume = "74",
    number = "3",
    pages = "387 - 393",
    year = "2007",
    doi = "doi:10.1016/j.anbehav.2006.08.020",
    author = "Jeschke J. M., & Tollrian, R.",
}

% Om undgående flokadfærd på landjorden
@book{rosenberg2012,
 author = {Rozenberg, G., Bäck, T., & Kok, J. N.},
 title = {Handbook of Natural Computing},
 year = {2012},
 edition = {1},
 publisher = {Springer},
 address = {New York, NY, USA},
}

% Review af forskellige forklaringsmodeller
@article{conradt2011,
    title = "Models in animal collective decision-making: information uncertainty and conflicting preferences",
    journal = "Interface Focus",
    volume = "2",
    number = "2",
    pages = "226 - 240",
    year = "2011",
    doi = "https://doi.org/10.1098/rsfs.2011.0090",
    author = "Conradt, L.",
}

% Alment om undgåelse af rovdyr med forskellige forklaringsmodeller
@article{chen2014,
    title = "A minimal model of predator–swarm interactions",
    journal = "J. R. Soc. Interface",
    volume = "11",
    number = "94",
    pages = "1 - 10",
    year = "2014",
    doi = "https://doi.org/10.1098/rsif.2013.1208",
    author = "Chen, Y. & Kolokolnikov, T.",
}

%https://mscdss.ds.unipi.gr/wp-content/uploads/2018/02/Untitled-attachment-00056-2-1.pdf
@book{ML1,
 author = {Hurwitz, J. & Kirsch, D.},
 title = {Machine learning for dummies},
 year = {2018},
 edition = {1},
 publisher = {John Wiley & Sons, Inc.},
 address = {Hoboken, NJ, USA},
}

@inproceedings{ML2,
 author = {Covington, Paul and Adams, Jay and Sargin, Emre},
 title = {Deep Neural Networks for YouTube Recommendations},
 booktitle = {Proceedings of the 10th ACM Conference on Recommender Systems},
 series = {RecSys '16},
 year = {2016},
 isbn = {978-1-4503-4035-9},
 location = {Boston, Massachusetts, USA},
 pages = {191--198},
 numpages = {8},
 url = {http://doi.acm.org/10.1145/2959100.2959190},
 doi = {10.1145/2959100.2959190},
 acmid = {2959190},
 publisher = {ACM},
 address = {New York, NY, USA},
 keywords = {deep learning, recommender system, scalability},
}


% Militære anvendelsesmuligheder af sværmdynamik
@book{arquilla2000,
 author = {Arquilla, J. & Ronfeldt, D.},
 title = {Swarming and the Future of Conflict},
 year = {2000},
 edition = {1},
 publisher = {Rand Corporation},
 address = {California, CA, USA},
}

% Hot bee ball of death
@article{ugajin2012,
    title = "Detection of Neural Activity in the Brains of Japanese Honeybee Workers during the Formation of a “Hot Defensive Bee Ball”",
    journal = "Plos one",
    volume = "7",
    number = "3",
    pages = "1 - 12",
    year = "2012",
    doi = "https://doi.org/10.1371/journal.pone.0032902",
    author = "Ugajin, A. et al.",
}

% Swarm raiding
@book{holldobler1994,
 author = {Hölldobler, B., & Wilson, E. O.},
 title = {Journey to the Ants},
 year = {1994},
 edition = {1},
 publisher = {Harvard University Press},
 address = {Cambridge, MA, USA},
}

% Pulsing (angrebsmønster som myre udviser).
@book{edwards2000,
 author = {Edwards, S.},
 title = {Swarming on the Battlefield: Past, Present, and Future},
 year = {2000},
 edition = {0},
 publisher = {National Book Network},
 address = {Lanham, ML, USA},
}

% Om mobbing alment
@book{alcock1998,
 author = {Alcock, J.},
 title = { Animal Behavior: An Evolutionary Approach },
 year = {1998},
 edition = {6},
 publisher = {Oxford University Press},
 address = {Oxford, UK},
}

% Fugles mobbingadfærd alment
@article{altmann1956,
    title = "Avian Mobbing Behavior And Predator Recognition",
    journal = "The Condor",
    volume = "58",
    number = "4",
    pages = "241 - 253",
    year = "1956",
    doi = "https://sora.unm.edu/sites/default/files/journals/condor/v058n04/p0241-p0253.pdf",
    author = "Altmann, S. A.",
}

% En fysiker, som har prøvet at modellere svalers angrebsmønstre, bliver interviewet
@misc{bardi2010,
  author = "Bardi, J. S.",
  year = {2010},
  title = "Birds Of A Feather Attack Together",
  URL = "https://www.insidescience.org/news/birds-feather-attack-together",
  addendum = "(Læst: 20.02.2019)"
}

% Beskrivelser af biologiske sværme i forhold til simulering 
@incollection{beekman2008biological,
  title={Biological foundations of swarm intelligence},
  author={Beekman, Madeleine and Sword, Gregory A and Simpson, Stephen J},
  booktitle={Swarm intelligence},
  pages={3--41},
  year={2008},
  publisher={Springer}
}

% Modellering af og sammenligningen med virkelige myrer, der leder efter et nyt bo
@article{pratt2005agent,
  title={An agent-based model of collective nest choice by the ant Temnothorax albipennis},
  author={Pratt, Stephen C and Sumpter, David JT and Mallon, Eamonn B and Franks, Nigel R},
  journal={Animal Behaviour},
  volume={70},
  number={5},
  pages={1023--1036},
  year={2005},
  publisher={Elsevier}
}

%Artikel om hvordan bier bevæger sig i en sværm
@article{beekman2006,
  title={How does an informed minority of scouts guide a honeybee swarm as it flies to its new home?},
  author={Beekman, Madeleine and Fathke, Robert L and Seeley, Thomas D},
  journal={Animal Behaviour},
  volume={71},
  number={1},
  pages={161--171},
  year={2006},
  publisher={Elsevier}
}

% Review af maskinlærings algoritmer (belæg for at neurale netværk kan være superviserede)
@article{dey2016machine,
  title={Machine learning algorithms: a review},
  author={Dey, Ayon},
  journal = "International Journal of Computer Science and Information Technologies",
  volume = "7",
  number = "3",
  pages = "1174-1179",
  year = "2016",
  url = "https://ijcsit.com/docs/Volume%207/vol7issue3/ijcsit2016070332.pdf"
}

% StarCraft 2 eksempel med Google DeepMind's AlhpaZero med reinforced og superviced neural learning
@article{AlphaStar,
  title={AlphaStar: Mastering the Real-Time Strategy Game StarCraft II},
  author={The AlphaStar team},
  journal = "Google DeepMind blog",
  volume = "0",
  number = "0",
  pages = "0",
  year = "2019",
  url = "https://deepmind.com/blog/alphastar-mastering-real-time-strategy-game-starcraft-ii/"
}

% Masse ting, bla. SVM.
@inbook{hastie01statisticallearning,
  title = {Support Vector Machines and Flexible Discriminants},
  address = {New York, NY, USA},
  author = {Hastie, Trevor and Tibshirani, Robert and Friedman, Jerome},
  publisher = {Springer New York Inc.},
  series = {Springer Series in Statistics},
  booktitle = {The Elements of Statistical Learning},
  year = {2001},
  isbn = {978-0-387-84857-0},
  issn = {0172-7397},
  pages = {417--458},
  doi = {10.1007/b94608},
}

 % Økologisk validitet
 @inbook{Brewer2014,
   author={Brewer, M.},
   editor = {Reiss, H. & Judd, C.},
   title = { Research Design and Issues of Validity},
   booktitle = { Handbook of Research Methods in Social and Personality Psychology},
   language = {English},
   year = {2014},
   pages = {11-27},
   edition = {2},
   publisher = {Cambridge University Press},
   address = {Cambridge, MA, USA},
}

% Definition af selvorganisering
@book{kelso1995,
 author = {Kelso, S.},
 title = { Dynamic Patterns: The Self-Organization of Brain and Behavior },
 year = {1995},
 edition = {1},
 publisher = {A Bradford Book},
 address = {Cambridge, MA, USA},
}

@article{Watkins1992,
author = {Watkins, Christopher J. C. H. and Dayan, Peter},
journal = {Machine Learning},
number = {3-4},
pages = {279--292},
title = {{Q-learningの原著論文}},
url = {http://link.springer.com/10.1007/BF00992698},
volume = {8},
year = {1992}
}

@misc{ThomasSimonini2018,
author = {{Thomas Simonini}},
title = {{Diving deeper into Reinforcement Learning with Q-Learning}},
url = {https://medium.freecodecamp.org/diving-deeper-into-reinforcement-learning-with-q-learning-c18d0db58efe},
urldate = {2019-02-26},
year = {2018}
}

% Artikel om evolutions algortimer
@article{DBLP:journals/corr/abs-1805-11014,
  author    = {David W. Corne and
               Michael A. Lones},
  title     = {Evolutionary Algorithms},
  journal   = {CoRR},
  volume    = {abs/1805.11014},
  year      = {2018},
  url       = {http://arxiv.org/abs/1805.11014},
  eprint    = {1805.11014},
  timestamp = {Mon, 13 Aug 2018 16:48:23 +0200},
  biburl    = {https://dblp.org/rec/bib/journals/corr/abs-1805-11014},
  bibsource = {dblp computer science bibliography, https://dblp.org}
}


% Bottom up vs top down modelling
@article{mhamdi2018,
author = {M'hamdi, A. & Nemiche, M.},
year = {2018},
month = {04},
pages = {1-16},
title = {Bottom-Up and Top-Down Approaches to Simulate Complex Phenomena},
volume = {9},
journal = {International Journal of Applied Evolutionary Computation},
doi = {10.4018/IJAEC.2018040101}
}

% Rules-based
@misc{ireson1996,
author = {Ireson-Paine, J.},
title = {What is a rule-based system?},
url = {http://www.j-paine.org/students/lectures/lect3/node5.html},
year = {1996}
}

% Bog om evolutionsalgoritmer
@book{Back1999,
 editor = {Back, Thomas and Fogel, David B. and Michalewicz, Zbigniew},
 title = {Evolutionary Computation 1: Basic Algorithms and Operators},
 year = {1999},
 isbn = {0750306645},
 edition = {1st},
 publisher = {IOP Publishing Ltd.},
 address = {Bristol, UK, UK},
} 


% Eksempel på regelbaseret sværmstudie
@article{eriksson2010,
    author = {Eriksson, A. et al.},
    title = "{Determining interaction rules in animal swarms}",
    journal = {Behavioral Ecology},
    volume = {21},
    number = {5},
    pages = {1106-1111},
    year = {2010},
    month = {09},
    doi = {10.1093/beheco/arq118},
}

% Andet eksempel på regelbaseret sværmstudie
@article{cucker2007, 
author={Cucker, F. & Smale, S.}, 
journal={IEEE Transactions on Automatic Control}, 
title={Emergent Behavior in Flocks}, 
year={2007}, 
volume={52}, 
number={5}, 
pages={852-862},  
doi={10.1109/TAC.2007.895842}, 
}

%adfærdsmønstre i sværmende dyr
@article{farago2014biocommunication,
  title={Biocommunication of Animals},
  author={Farag{\'o}, T and Townsend, SW and Range, F and Witzany, G},
  year={2014},
  pages={167-169},
}

%social weaver fulg bygger rede
@article{leighton2016sociable,
  title={Sociable weavers increase cooperative nest construction after suffering aggression},
  author={Leighton, Gavin M and Vander Meiden, Laura},
  journal={PloS one},
  volume={11},
  number={3},
  pages={e0150953},
  year={2016},
  publisher={Public Library of Science}
}

% Bog der blandt andet handler om evolutions algoritmer
@book{Brownlee2011,
 author = {Brownlee, Jason},
 title = {Clever Algorithms: Nature-Inspired Programming Recipes},
 year = {2011},
 pages={87-160},
 isbn = {1446785068, 9781446785065},
 edition = {1st},
 publisher = {Lulu.com},
} 


% AAU litteraturdatabasen
@misc{AUB,
title = {Aalborg Universitetsbibliotek},
url = {https://www.aub.aau.dk/},
urldate = {2019-03-05},
year = {2019}
}

% De 10 hyppigst forekommende fuglearter
@misc{birdtop10,
title = {Most Populous Bird Species In The World},
url = {https://www.worldatlas.com/articles/most-populous-bird-species-in-the-world.html},
urldate = {2019-03-05},
year = {2019}
}

% biodiversitet
@misc{jakhsha2010,
author = {Jaksha, A. P.},
title = {Biodiversity in the Ocean},
url = {https://www.worldatlas.com/articles/most-populous-bird-species-in-the-world.html},
urldate = {2019-03-05},
year = {2010}
}

% Artikel om brug af machine learning til at undersøge dyreadfærd
@article{VALLETTA2017,
title = "Applications of machine learning in animal behaviour studies",
journal = "Animal Behaviour",
volume = "124",
pages = "203 - 220",
year = "2017",
issn = "0003-3472",
doi = "https://doi.org/10.1016/j.anbehav.2016.12.005",
url = "http://www.sciencedirect.com/science/article/pii/S0003347216303360",
author = "John Joseph Valletta and Colin Torney and Michael Kings and Alex Thornton and Joah Madden",
}

%social weaver fulg bygger rede
@article{hawkins2004,
  title={The problem of overfitting},
  author={Hawkins, D. M.},
  journal={Journal of Chemical Information and Modeling},
  volume={44},
  number={1},
  pages={1-12},
  year={2004}
}

%Value based, Policy Based and modelbased reinforcement learning
@article{RLapproaches,
  title={An introduction to Reinforcement Learning},
  author={Simonini T.},
  journal={Free code camp},
  year={2018}
  url = "https://medium.freecodecamp.org/an-introduction-to-reinforcement-learning-4339519de419"
}
